@misc{largescale-kalofolias2019large,
	title={Large Scale Graph Learning from Smooth Signals}, 
	author={Vassilis Kalofolias and NathanaÃ«l Perraudin},
	year={2019},
	eprint={1710.05654},
	archivePrefix={arXiv},
	primaryClass={stat.ML}
}